<?xml version="1.0" encoding="UTF-8"?>
<Document xmlns:xsi="http://www.w3.org/2001/XMLSchema-instance" xmlns="urn:iso:std:iso:20022:tech:xsd:pain.001.001.03">
<CstmrCdtTrfInitn>
<GrpHdr>
<MsgId>DNBA1803151</MsgId>
<CreDtTm>2018-03-15T12:39:50</CreDtTm>
<NbOfTxs>42</NbOfTxs>
<CtrlSum>1142951.94</CtrlSum>
<InitgPty>
<Nm>NAV</Nm>
<Id>
<OrgId>
<Othr>
<Id>974232952</Id>
<SchmeNm><Cd>CUST</Cd></SchmeNm>
</Othr>
</OrgId>
</Id>
</InitgPty>
</GrpHdr>
<PmtInf>
<PmtInfId>AG_NOKNOK20180315_00000001840001</PmtInfId>
<PmtMtd>TRF</PmtMtd>
<PmtTpInf>
<SvcLvl>
<Cd>NURG</Cd>
</SvcLvl>
<CtgyPurp>
<Cd>SALA</Cd>
</CtgyPurp>
</PmtTpInf>
<ReqdExctnDt>2018-03-15</ReqdExctnDt>
<Dbtr>
<Nm>NAV</Nm>
<PstlAdr><Ctry>NO</Ctry></PstlAdr>
<Id><OrgId><Othr><Id>974232952</Id></Othr></OrgId></Id>
</Dbtr>
<DbtrAcct>
<Id>
<Othr><Id>82760202254</Id><SchmeNm><Cd>BBAN</Cd></SchmeNm></Othr>
</Id>
<Ccy>NOK</Ccy>
</DbtrAcct>
<DbtrAgt>
<FinInstnId>
<BIC>DNBANOKKXXX</BIC>
</FinInstnId>
</DbtrAgt>
<ChrgBr>SHAR</ChrgBr>
<CdtTrfTxInf>
<PmtId>
<InstrId>AHR0000018400001</InstrId>
<EndToEndId>AHR0000018400001</EndToEndId>
</PmtId>
<Amt>
<InstdAmt Ccy="NOK">25562.80</InstdAmt>
</Amt>
<Cdtr>
<Nm>BJELDE, LAILA IRENE</Nm>
<PstlAdr><StrtNm>DALAVEGEN</StrtNm><PstCd>6856</PstCd><TwnNm>SOGNDAL</TwnNm><Ctry>NO</Ctry></PstlAdr>
</Cdtr>
<CdtrAcct>
<Id>
<Othr>
<Id>05407356448</Id>
<SchmeNm>
<Cd>BBAN</Cd>
</SchmeNm>
</Othr>
</Id>
</CdtrAcct>
<RmtInf>
<Ustrd>LØNN ÅÅMM</Ustrd>
</RmtInf>
</CdtTrfTxInf>
<CdtTrfTxInf>
<PmtId>
<InstrId>AHR0000018400002</InstrId>
<EndToEndId>AHR0000018400002</EndToEndId>
</PmtId>
<Amt>
<InstdAmt Ccy="NOK">34522.09</InstdAmt>
</Amt>
<Cdtr>
<Nm>HEGGESTAD, FRANK</Nm>
<PstlAdr><StrtNm>LUNNAMYRI 16C</StrtNm><PstCd>6856</PstCd><TwnNm>SOGNDAL</TwnNm><Ctry>NO</Ctry></PstlAdr>
</Cdtr>
<CdtrAcct>
<Id>
<Othr>
<Id>37201606609</Id>
<SchmeNm>
<Cd>BBAN</Cd>
</SchmeNm>
</Othr>
</Id>
</CdtrAcct>
<RmtInf>
<Ustrd>LØNN ÅÅMM</Ustrd>
</RmtInf>
</CdtTrfTxInf>
<CdtTrfTxInf>
<PmtId>
<InstrId>AHR0000018400003</InstrId>
<EndToEndId>AHR0000018400003</EndToEndId>
</PmtId>
<Amt>
<InstdAmt Ccy="NOK">25406.80</InstdAmt>
</Amt>
<Cdtr>
<Nm>LEREIM, CORNELIA PREDA</Nm>
<PstlAdr><StrtNm>KYRKJEBAKKEN 37 A</StrtNm><PstCd>6856</PstCd><TwnNm>SOGNDAL</TwnNm><Ctry>NO</Ctry></PstlAdr>
</Cdtr>
<CdtrAcct>
<Id>
<Othr>
<Id>37201113440</Id>
<SchmeNm>
<Cd>BBAN</Cd>
</SchmeNm>
</Othr>
</Id>
</CdtrAcct>
<RmtInf>
<Ustrd>LØNN ÅÅMM</Ustrd>
</RmtInf>
</CdtTrfTxInf>
<CdtTrfTxInf>
<PmtId>
<InstrId>AHR0000018400004</InstrId>
<EndToEndId>AHR0000018400004</EndToEndId>
</PmtId>
<Amt>
<InstdAmt Ccy="NOK">34278.87</InstdAmt>
</Amt>
<Cdtr>
<Nm>FLUGHEIM, IRENE</Nm>
<PstlAdr><StrtNm>GALDEN 16</StrtNm><PstCd>6869</PstCd><TwnNm>HAFSLO</TwnNm><Ctry>NO</Ctry></PstlAdr>
</Cdtr>
<CdtrAcct>
<Id>
<Othr>
<Id>37851280791</Id>
<SchmeNm>
<Cd>BBAN</Cd>
</SchmeNm>
</Othr>
</Id>
</CdtrAcct>
<RmtInf>
<Ustrd>LØNN ÅÅMM</Ustrd>
</RmtInf>
</CdtTrfTxInf>
<CdtTrfTxInf>
<PmtId>
<InstrId>AHR0000018400005</InstrId>
<EndToEndId>AHR0000018400005</EndToEndId>
</PmtId>
<Amt>
<InstdAmt Ccy="NOK">18519.00</InstdAmt>
</Amt>
<Cdtr>
<Nm>OVRID, RANDI</Nm>
<PstlAdr><StrtNm>GAMLEVEGEN</StrtNm><PstCd>6879</PstCd><TwnNm>SOLVORN</TwnNm><Ctry>NO</Ctry></PstlAdr>
</Cdtr>
<CdtrAcct>
<Id>
<Othr>
<Id>37851047914</Id>
<SchmeNm>
<Cd>BBAN</Cd>
</SchmeNm>
</Othr>
</Id>
</CdtrAcct>
<RmtInf>
<Ustrd>LØNN ÅÅMM</Ustrd>
</RmtInf>
</CdtTrfTxInf>
<CdtTrfTxInf>
<PmtId>
<InstrId>AHR0000018400006</InstrId>
<EndToEndId>AHR0000018400006</EndToEndId>
</PmtId>
<Amt>
<InstdAmt Ccy="NOK">33464.04</InstdAmt>
</Amt>
<Cdtr>
<Nm>RØYSUM, RUNE</Nm>
<PstlAdr><StrtNm>KOLABAKKEN 2</StrtNm><PstCd>6863</PstCd><TwnNm>LEIKANGER</TwnNm><Ctry>NO</Ctry></PstlAdr>
</Cdtr>
<CdtrAcct>
<Id>
<Othr>
<Id>37811550400</Id>
<SchmeNm>
<Cd>BBAN</Cd>
</SchmeNm>
</Othr>
</Id>
</CdtrAcct>
<RmtInf>
<Ustrd>LØNN ÅÅMM</Ustrd>
</RmtInf>
</CdtTrfTxInf>
<CdtTrfTxInf>
<PmtId>
<InstrId>AHR0000018400007</InstrId>
<EndToEndId>AHR0000018400007</EndToEndId>
</PmtId>
<Amt>
<InstdAmt Ccy="NOK">37775.54</InstdAmt>
</Amt>
<Cdtr>
<Nm>SKJÆRET, KARI HILDE</Nm>
<PstlAdr><StrtNm>POSTBOKS 80</StrtNm><PstCd>6851</PstCd><TwnNm>SOGNDAL</TwnNm><Ctry>NO</Ctry></PstlAdr>
</Cdtr>
<CdtrAcct>
<Id>
<Othr>
<Id>37851029991</Id>
<SchmeNm>
<Cd>BBAN</Cd>
</SchmeNm>
</Othr>
</Id>
</CdtrAcct>
<RmtInf>
<Ustrd>LØNN ÅÅMM</Ustrd>
</RmtInf>
</CdtTrfTxInf>
<CdtTrfTxInf>
<PmtId>
<InstrId>AHR0000018400008</InstrId>
<EndToEndId>AHR0000018400008</EndToEndId>
</PmtId>
<Amt>
<InstdAmt Ccy="NOK">36966.88</InstdAmt>
</Amt>
<Cdtr>
<Nm>SKRØPPA, ØRJAN OSLAND</Nm>
<PstlAdr><StrtNm>TROLLADALEN 16C</StrtNm><PstCd>6856</PstCd><TwnNm>SOGNDAL</TwnNm><Ctry>NO</Ctry></PstlAdr>
</Cdtr>
<CdtrAcct>
<Id>
<Othr>
<Id>37201359466</Id>
<SchmeNm>
<Cd>BBAN</Cd>
</SchmeNm>
</Othr>
</Id>
</CdtrAcct>
<RmtInf>
<Ustrd>LØNN ÅÅMM</Ustrd>
</RmtInf>
</CdtTrfTxInf>
<CdtTrfTxInf>
<PmtId>
<InstrId>AHR0000018400009</InstrId>
<EndToEndId>AHR0000018400009</EndToEndId>
</PmtId>
<Amt>
<InstdAmt Ccy="NOK">28269.93</InstdAmt>
</Amt>
<Cdtr>
<Nm>SKORPEN, MARIANNE SÆTERLID</Nm>
<PstlAdr><StrtNm>SOGNEFJORDVEGEN 9</StrtNm><PstCd>6863</PstCd><TwnNm>LEIKANGER</TwnNm><Ctry>NO</Ctry></PstlAdr>
</Cdtr>
<CdtrAcct>
<Id>
<Othr>
<Id>38051011780</Id>
<SchmeNm>
<Cd>BBAN</Cd>
</SchmeNm>
</Othr>
</Id>
</CdtrAcct>
<RmtInf>
<Ustrd>LØNN ÅÅMM</Ustrd>
</RmtInf>
</CdtTrfTxInf>
<CdtTrfTxInf>
<PmtId>
<InstrId>AHR0000018400010</InstrId>
<EndToEndId>AHR0000018400010</EndToEndId>
</PmtId>
<Amt>
<InstdAmt Ccy="NOK">21752.54</InstdAmt>
</Amt>
<Cdtr>
<Nm>SANDVOLL, HJØRDIS</Nm>
<PstlAdr><StrtNm>KLIPPAVEGEN 16</StrtNm><PstCd>6856</PstCd><TwnNm>SOGNDAL</TwnNm><Ctry>NO</Ctry></PstlAdr>
</Cdtr>
<CdtrAcct>
<Id>
<Othr>
<Id>37051427174</Id>
<SchmeNm>
<Cd>BBAN</Cd>
</SchmeNm>
</Othr>
</Id>
</CdtrAcct>
<RmtInf>
<Ustrd>LØNN ÅÅMM</Ustrd>
</RmtInf>
</CdtTrfTxInf>
<CdtTrfTxInf>
<PmtId>
<InstrId>AHR0000018400011</InstrId>
<EndToEndId>AHR0000018400011</EndToEndId>
</PmtId>
<Amt>
<InstdAmt Ccy="NOK">32740.54</InstdAmt>
</Amt>
<Cdtr>
<Nm>SELSENG, STEINAR ATLE</Nm>
<PstlAdr><StrtNm>FOSSHAUGEN 2</StrtNm><PstCd>6856</PstCd><TwnNm>SOGNDAL</TwnNm><Ctry>NO</Ctry></PstlAdr>
</Cdtr>
<CdtrAcct>
<Id>
<Othr>
<Id>37201064857</Id>
<SchmeNm>
<Cd>BBAN</Cd>
</SchmeNm>
</Othr>
</Id>
</CdtrAcct>
<RmtInf>
<Ustrd>LØNN ÅÅMM</Ustrd>
</RmtInf>
</CdtTrfTxInf>
<CdtTrfTxInf>
<PmtId>
<InstrId>AHR0000018400012</InstrId>
<EndToEndId>AHR0000018400012</EndToEndId>
</PmtId>
<Amt>
<InstdAmt Ccy="NOK">21960.70</InstdAmt>
</Amt>
<Cdtr>
<Nm>MOE, SIGRUN</Nm>
<PstlAdr><StrtNm>KLOKKESTEINVEGEN 24</StrtNm><PstCd>6869</PstCd><TwnNm>HAFSLO</TwnNm><Ctry>NO</Ctry></PstlAdr>
</Cdtr>
<CdtrAcct>
<Id>
<Othr>
<Id>37851042793</Id>
<SchmeNm>
<Cd>BBAN</Cd>
</SchmeNm>
</Othr>
</Id>
</CdtrAcct>
<RmtInf>
<Ustrd>LØNN ÅÅMM</Ustrd>
</RmtInf>
</CdtTrfTxInf>
<CdtTrfTxInf>
<PmtId>
<InstrId>AHR0000018400013</InstrId>
<EndToEndId>AHR0000018400013</EndToEndId>
</PmtId>
<Amt>
<InstdAmt Ccy="NOK">24635.70</InstdAmt>
</Amt>
<Cdtr>
<Nm>BUKVE, SANDRA SAUR</Nm>
<PstlAdr><StrtNm>FAGERNES</StrtNm><PstCd>6872</PstCd><TwnNm>LUSTER</TwnNm><Ctry>NO</Ctry></PstlAdr>
</Cdtr>
<CdtrAcct>
<Id>
<Othr>
<Id>37851119044</Id>
<SchmeNm>
<Cd>BBAN</Cd>
</SchmeNm>
</Othr>
</Id>
</CdtrAcct>
<RmtInf>
<Ustrd>LØNN ÅÅMM</Ustrd>
</RmtInf>
</CdtTrfTxInf>
<CdtTrfTxInf>
<PmtId>
<InstrId>AHR0000018400014</InstrId>
<EndToEndId>AHR0000018400014</EndToEndId>
</PmtId>
<Amt>
<InstdAmt Ccy="NOK">22273.71</InstdAmt>
</Amt>
<Cdtr>
<Nm>AUSTRHEIM, MARIE</Nm>
<PstlAdr><StrtNm>STULLAHAUGEN 6</StrtNm><PstCd>6856</PstCd><TwnNm>SOGNDAL</TwnNm><Ctry>NO</Ctry></PstlAdr>
</Cdtr>
<CdtrAcct>
<Id>
<Othr>
<Id>38291556407</Id>
<SchmeNm>
<Cd>BBAN</Cd>
</SchmeNm>
</Othr>
</Id>
</CdtrAcct>
<RmtInf>
<Ustrd>LØNN ÅÅMM</Ustrd>
</RmtInf>
</CdtTrfTxInf>
<CdtTrfTxInf>
<PmtId>
<InstrId>AHR0000018400015</InstrId>
<EndToEndId>AHR0000018400015</EndToEndId>
</PmtId>
<Amt>
<InstdAmt Ccy="NOK">28248.59</InstdAmt>
</Amt>
<Cdtr>
<Nm>LIE, TORE</Nm>
<PstlAdr><StrtNm>SKOGAVEGEN 215</StrtNm><PstCd>6854</PstCd><TwnNm>KAUPANGER</TwnNm><Ctry>NO</Ctry></PstlAdr>
</Cdtr>
<CdtrAcct>
<Id>
<Othr>
<Id>37301073977</Id>
<SchmeNm>
<Cd>BBAN</Cd>
</SchmeNm>
</Othr>
</Id>
</CdtrAcct>
<RmtInf>
<Ustrd>LØNN ÅÅMM</Ustrd>
</RmtInf>
</CdtTrfTxInf>
<CdtTrfTxInf>
<PmtId>
<InstrId>AHR0000018400016</InstrId>
<EndToEndId>AHR0000018400016</EndToEndId>
</PmtId>
<Amt>
<InstdAmt Ccy="NOK">14504.40</InstdAmt>
</Amt>
<Cdtr>
<Nm>NORUM, KARI ANN</Nm>
<PstlAdr><StrtNm>HENJAVEGEN3</StrtNm><PstCd>6863</PstCd><TwnNm>LEIKANGER</TwnNm><Ctry>NO</Ctry></PstlAdr>
</Cdtr>
<CdtrAcct>
<Id>
<Othr>
<Id>37811100944</Id>
<SchmeNm>
<Cd>BBAN</Cd>
</SchmeNm>
</Othr>
</Id>
</CdtrAcct>
<RmtInf>
<Ustrd>LØNN ÅÅMM</Ustrd>
</RmtInf>
</CdtTrfTxInf>
<CdtTrfTxInf>
<PmtId>
<InstrId>AHR0000018400017</InstrId>
<EndToEndId>AHR0000018400017</EndToEndId>
</PmtId>
<Amt>
<InstdAmt Ccy="NOK">26593.80</InstdAmt>
</Amt>
<Cdtr>
<Nm>TVEIT, TOVE HELEN</Nm>
<PstlAdr><StrtNm>BEIM 2</StrtNm><PstCd>6869</PstCd><TwnNm>HAFSLO</TwnNm><Ctry>NO</Ctry></PstlAdr>
</Cdtr>
<CdtrAcct>
<Id>
<Othr>
<Id>37811025683</Id>
<SchmeNm>
<Cd>BBAN</Cd>
</SchmeNm>
</Othr>
</Id>
</CdtrAcct>
<RmtInf>
<Ustrd>LØNN ÅÅMM</Ustrd>
</RmtInf>
</CdtTrfTxInf>
<CdtTrfTxInf>
<PmtId>
<InstrId>AHR0000018400018</InstrId>
<EndToEndId>AHR0000018400018</EndToEndId>
</PmtId>
<Amt>
<InstdAmt Ccy="NOK">26789.17</InstdAmt>
</Amt>
<Cdtr>
<Nm>SKARE, MARIANNE FRISTAD</Nm>
<PstlAdr><StrtNm>BRUFLAT 1</StrtNm><PstCd>6868</PstCd><TwnNm>GAUPNE</TwnNm><Ctry>NO</Ctry></PstlAdr>
</Cdtr>
<CdtrAcct>
<Id>
<Othr>
<Id>37851034650</Id>
<SchmeNm>
<Cd>BBAN</Cd>
</SchmeNm>
</Othr>
</Id>
</CdtrAcct>
<RmtInf>
<Ustrd>LØNN ÅÅMM</Ustrd>
</RmtInf>
</CdtTrfTxInf>
<CdtTrfTxInf>
<PmtId>
<InstrId>AHR0000018400019</InstrId>
<EndToEndId>AHR0000018400019</EndToEndId>
</PmtId>
<Amt>
<InstdAmt Ccy="NOK">27922.30</InstdAmt>
</Amt>
<Cdtr>
<Nm>KVÅLE, FRODE</Nm>
<PstlAdr><StrtNm>ÅBERGEVEGEN 19</StrtNm><PstCd>6856</PstCd><TwnNm>SOGNDAL</TwnNm><Ctry>NO</Ctry></PstlAdr>
</Cdtr>
<RmtInf>
<Ustrd>LØNN ÅÅMM</Ustrd>
</RmtInf>
</CdtTrfTxInf>
<CdtTrfTxInf>
<PmtId>
<InstrId>AHR0000018400020</InstrId>
<EndToEndId>AHR0000018400020</EndToEndId>
</PmtId>
<Amt>
<InstdAmt Ccy="NOK">26130.80</InstdAmt>
</Amt>
<Cdtr>
<Nm>BØE, AINA</Nm>
<PstlAdr><StrtNm>KONGABERGVEGEN 6</StrtNm><PstCd>6856</PstCd><TwnNm>SOGNDAL</TwnNm><Ctry>NO</Ctry></PstlAdr>
</Cdtr>
<CdtrAcct>
<Id>
<Othr>
<Id>37201774358</Id>
<SchmeNm>
<Cd>BBAN</Cd>
</SchmeNm>
</Othr>
</Id>
</CdtrAcct>
<RmtInf>
<Ustrd>LØNN ÅÅMM</Ustrd>
</RmtInf>
</CdtTrfTxInf>
<CdtTrfTxInf>
<PmtId>
<InstrId>AHR0000018400021</InstrId>
<EndToEndId>AHR0000018400021</EndToEndId>
</PmtId>
<Amt>
<InstdAmt Ccy="NOK">19819.18</InstdAmt>
</Amt>
<Cdtr>
<Nm>WESTLI, HANNE ØGAARD</Nm>
<PstlAdr><StrtNm>LUNNAMYRI 23</StrtNm><PstCd>6856</PstCd><TwnNm>SOGNDAL</TwnNm><Ctry>NO</Ctry></PstlAdr>
</Cdtr>
<CdtrAcct>
<Id>
<Othr>
<Id>37201112940</Id>
<SchmeNm>
<Cd>BBAN</Cd>
</SchmeNm>
</Othr>
</Id>
</CdtrAcct>
<RmtInf>
<Ustrd>LØNN ÅÅMM</Ustrd>
</RmtInf>
</CdtTrfTxInf>
<CdtTrfTxInf>
<PmtId>
<InstrId>AHR0000018400022</InstrId>
<EndToEndId>AHR0000018400022</EndToEndId>
</PmtId>
<Amt>
<InstdAmt Ccy="NOK">25434.04</InstdAmt>
</Amt>
<Cdtr>
<Nm>SØRLIE, CECILIE</Nm>
<PstlAdr><StrtNm>SOGNEFJORDVEGEN 119</StrtNm><PstCd>6863</PstCd><TwnNm>LEIKANGER</TwnNm><Ctry>NO</Ctry></PstlAdr>
</Cdtr>
<CdtrAcct>
<Id>
<Othr>
<Id>93551505845</Id>
<SchmeNm>
<Cd>BBAN</Cd>
</SchmeNm>
</Othr>
</Id>
</CdtrAcct>
<RmtInf>
<Ustrd>LØNN ÅÅMM</Ustrd>
</RmtInf>
</CdtTrfTxInf>
<CdtTrfTxInf>
<PmtId>
<InstrId>AHR0000018400023</InstrId>
<EndToEndId>AHR0000018400023</EndToEndId>
</PmtId>
<Amt>
<InstdAmt Ccy="NOK">38802.67</InstdAmt>
</Amt>
<Cdtr>
<Nm>BARSNES, PER</Nm>
<PstlAdr><StrtNm>LUNNAMYRI 16 K</StrtNm><PstCd>6856</PstCd><TwnNm>SOGNDAL</TwnNm><Ctry>NO</Ctry></PstlAdr>
</Cdtr>
<CdtrAcct>
<Id>
<Othr>
<Id>37201038562</Id>
<SchmeNm>
<Cd>BBAN</Cd>
</SchmeNm>
</Othr>
</Id>
</CdtrAcct>
<RmtInf>
<Ustrd>LØNN ÅÅMM</Ustrd>
</RmtInf>
</CdtTrfTxInf>
<CdtTrfTxInf>
<PmtId>
<InstrId>AHR0000018400024</InstrId>
<EndToEndId>AHR0000018400024</EndToEndId>
</PmtId>
<Amt>
<InstdAmt Ccy="NOK">28159.80</InstdAmt>
</Amt>
<Cdtr>
<Nm>TENNEFOSS, LEIF ASLE</Nm>
<PstlAdr><StrtNm>STEDJEBAKKEN 17</StrtNm><PstCd>6856</PstCd><TwnNm>SOGNDAL</TwnNm><Ctry>NO</Ctry></PstlAdr>
</Cdtr>
<CdtrAcct>
<Id>
<Othr>
<Id>37201091366</Id>
<SchmeNm>
<Cd>BBAN</Cd>
</SchmeNm>
</Othr>
</Id>
</CdtrAcct>
<RmtInf>
<Ustrd>LØNN ÅÅMM</Ustrd>
</RmtInf>
</CdtTrfTxInf>
<CdtTrfTxInf>
<PmtId>
<InstrId>AHR0000018400025</InstrId>
<EndToEndId>AHR0000018400025</EndToEndId>
</PmtId>
<Amt>
<InstdAmt Ccy="NOK">28418.64</InstdAmt>
</Amt>
<Cdtr>
<Nm>NESSE, MARIT HJØRNEVIK</Nm>
<PstlAdr><StrtNm>GURVIN</StrtNm><PstCd>6856</PstCd><TwnNm>SOGNDAL</TwnNm><Ctry>NO</Ctry></PstlAdr>
</Cdtr>
<CdtrAcct>
<Id>
<Othr>
<Id>37201035598</Id>
<SchmeNm>
<Cd>BBAN</Cd>
</SchmeNm>
</Othr>
</Id>
</CdtrAcct>
<RmtInf>
<Ustrd>LØNN ÅÅMM</Ustrd>
</RmtInf>
</CdtTrfTxInf>
<CdtTrfTxInf>
<PmtId>
<InstrId>AHR0000018400026</InstrId>
<EndToEndId>AHR0000018400026</EndToEndId>
</PmtId>
<Amt>
<InstdAmt Ccy="NOK">27377.80</InstdAmt>
</Amt>
<Cdtr>
<Nm>FLÅTEN, SVEIN</Nm>
<PstlAdr><StrtNm>EIDSGRENDA</StrtNm><PstCd>6854</PstCd><TwnNm>KAUPANGER</TwnNm><Ctry>NO</Ctry></PstlAdr>
</Cdtr>
<CdtrAcct>
<Id>
<Othr>
<Id>37052194513</Id>
<SchmeNm>
<Cd>BBAN</Cd>
</SchmeNm>
</Othr>
</Id>
</CdtrAcct>
<RmtInf>
<Ustrd>LØNN ÅÅMM</Ustrd>
</RmtInf>
</CdtTrfTxInf>
<CdtTrfTxInf>
<PmtId>
<InstrId>AHR0000018400027</InstrId>
<EndToEndId>AHR0000018400027</EndToEndId>
</PmtId>
<Amt>
<InstdAmt Ccy="NOK">25658.80</InstdAmt>
</Amt>
<Cdtr>
<Nm>SCHÜTTE, PETRA</Nm>
<PstlAdr><StrtNm>STRONDI 25</StrtNm><PstCd>6899</PstCd><TwnNm>BALESTRAND</TwnNm><Ctry>NO</Ctry></PstlAdr>
</Cdtr>
<CdtrAcct>
<Id>
<Othr>
<Id>37050402216</Id>
<SchmeNm>
<Cd>BBAN</Cd>
</SchmeNm>
</Othr>
</Id>
</CdtrAcct>
<RmtInf>
<Ustrd>LØNN ÅÅMM</Ustrd>
</RmtInf>
</CdtTrfTxInf>
<CdtTrfTxInf>
<PmtId>
<InstrId>AHR0000018400028</InstrId>
<EndToEndId>AHR0000018400028</EndToEndId>
</PmtId>
<Amt>
<InstdAmt Ccy="NOK">30875.30</InstdAmt>
</Amt>
<Cdtr>
<Nm>STAVØ, ERIK</Nm>
<PstlAdr><StrtNm>TJØDNALI 64</StrtNm><PstCd>6856</PstCd><TwnNm>SOGNDAL</TwnNm><Ctry>NO</Ctry></PstlAdr>
</Cdtr>
<CdtrAcct>
<Id>
<Othr>
<Id>37051328656</Id>
<SchmeNm>
<Cd>BBAN</Cd>
</SchmeNm>
</Othr>
</Id>
</CdtrAcct>
<RmtInf>
<Ustrd>LØNN ÅÅMM</Ustrd>
</RmtInf>
</CdtTrfTxInf>
<CdtTrfTxInf>
<PmtId>
<InstrId>AHR0000018400029</InstrId>
<EndToEndId>AHR0000018400029</EndToEndId>
</PmtId>
<Amt>
<InstdAmt Ccy="NOK">26695.80</InstdAmt>
</Amt>
<Cdtr>
<Nm>BEEDER, MAICHEN SOLNES</Nm>
<PstlAdr><StrtNm>HESTNES 135 A</StrtNm><PstCd>6869</PstCd><TwnNm>HAFSLO</TwnNm><Ctry>NO</Ctry></PstlAdr>
</Cdtr>
<CdtrAcct>
<Id>
<Othr>
<Id>37851137867</Id>
<SchmeNm>
<Cd>BBAN</Cd>
</SchmeNm>
</Othr>
</Id>
</CdtrAcct>
<RmtInf>
<Ustrd>LØNN ÅÅMM</Ustrd>
</RmtInf>
</CdtTrfTxInf>
<CdtTrfTxInf>
<PmtId>
<InstrId>AHR0000018400030</InstrId>
<EndToEndId>AHR0000018400030</EndToEndId>
</PmtId>
<Amt>
<InstdAmt Ccy="NOK">26417.80</InstdAmt>
</Amt>
<Cdtr>
<Nm>HELLE, ARNE</Nm>
<PstlAdr><StrtNm>ÅBERGEVEGEN 28B</StrtNm><PstCd>6856</PstCd><TwnNm>SOGNDAL</TwnNm><Ctry>NO</Ctry></PstlAdr>
</Cdtr>
<CdtrAcct>
<Id>
<Othr>
<Id>37201101337</Id>
<SchmeNm>
<Cd>BBAN</Cd>
</SchmeNm>
</Othr>
</Id>
</CdtrAcct>
<RmtInf>
<Ustrd>LØNN ÅÅMM</Ustrd>
</RmtInf>
</CdtTrfTxInf>
<CdtTrfTxInf>
<PmtId>
<InstrId>AHR0000018400031</InstrId>
<EndToEndId>AHR0000018400031</EndToEndId>
</PmtId>
<Amt>
<InstdAmt Ccy="NOK">26231.17</InstdAmt>
</Amt>
<Cdtr>
<Nm>SØHOEL, SANDRA NESSE</Nm>
<PstlAdr><StrtNm>HESTNES 84</StrtNm><PstCd>6869</PstCd><TwnNm>HAFSLO</TwnNm><Ctry>NO</Ctry></PstlAdr>
</Cdtr>
<CdtrAcct>
<Id>
<Othr>
<Id>37851175130</Id>
<SchmeNm>
<Cd>BBAN</Cd>
</SchmeNm>
</Othr>
</Id>
</CdtrAcct>
<RmtInf>
<Ustrd>LØNN ÅÅMM</Ustrd>
</RmtInf>
</CdtTrfTxInf>
<CdtTrfTxInf>
<PmtId>
<InstrId>AHR0000018400032</InstrId>
<EndToEndId>AHR0000018400032</EndToEndId>
</PmtId>
<Amt>
<InstdAmt Ccy="NOK">28653.01</InstdAmt>
</Amt>
<Cdtr>
<Nm>KVAM, BERTA SKILDHEIM</Nm>
<PstlAdr><StrtNm>OSPEVEGEN 5</StrtNm><PstCd>6854</PstCd><TwnNm>KAUPANGER</TwnNm><Ctry>NO</Ctry></PstlAdr>
</Cdtr>
<CdtrAcct>
<Id>
<Othr>
<Id>37201080992</Id>
<SchmeNm>
<Cd>BBAN</Cd>
</SchmeNm>
</Othr>
</Id>
</CdtrAcct>
<RmtInf>
<Ustrd>LØNN ÅÅMM</Ustrd>
</RmtInf>
</CdtTrfTxInf>
<CdtTrfTxInf>
<PmtId>
<InstrId>AHR0000018400033</InstrId>
<EndToEndId>AHR0000018400033</EndToEndId>
</PmtId>
<Amt>
<InstdAmt Ccy="NOK">26282.80</InstdAmt>
</Amt>
<Cdtr>
<Nm>KJÆRVIK, DAG</Nm>
<PstlAdr><StrtNm>STADHEIMGARDEN 25</StrtNm><PstCd>6863</PstCd><TwnNm>LEIKANGER</TwnNm><Ctry>NO</Ctry></PstlAdr>
</Cdtr>
<CdtrAcct>
<Id>
<Othr>
<Id>37851113550</Id>
<SchmeNm>
<Cd>BBAN</Cd>
</SchmeNm>
</Othr>
</Id>
</CdtrAcct>
<RmtInf>
<Ustrd>LØNN ÅÅMM</Ustrd>
</RmtInf>
</CdtTrfTxInf>
<CdtTrfTxInf>
<PmtId>
<InstrId>AHR0000018400034</InstrId>
<EndToEndId>AHR0000018400034</EndToEndId>
</PmtId>
<Amt>
<InstdAmt Ccy="NOK">28222.49</InstdAmt>
</Amt>
<Cdtr>
<Nm>NYBØ, SVERRE</Nm>
<PstlAdr><StrtNm>HAFSLOVEGEN 81</StrtNm><PstCd>6869</PstCd><TwnNm>HAFSLO</TwnNm><Ctry>NO</Ctry></PstlAdr>
</Cdtr>
<CdtrAcct>
<Id>
<Othr>
<Id>37052462232</Id>
<SchmeNm>
<Cd>BBAN</Cd>
</SchmeNm>
</Othr>
</Id>
</CdtrAcct>
<RmtInf>
<Ustrd>LØNN ÅÅMM</Ustrd>
</RmtInf>
</CdtTrfTxInf>
<CdtTrfTxInf>
<PmtId>
<InstrId>AHR0000018400035</InstrId>
<EndToEndId>AHR0000018400035</EndToEndId>
</PmtId>
<Amt>
<InstdAmt Ccy="NOK">30096.03</InstdAmt>
</Amt>
<Cdtr>
<Nm>NORNES, BENTE REIDUN</Nm>
<PstlAdr><StrtNm>STEDJEBAKKEN 21</StrtNm><PstCd>6856</PstCd><TwnNm>SOGNDAL</TwnNm><Ctry>NO</Ctry></PstlAdr>
</Cdtr>
<CdtrAcct>
<Id>
<Othr>
<Id>37201106509</Id>
<SchmeNm>
<Cd>BBAN</Cd>
</SchmeNm>
</Othr>
</Id>
</CdtrAcct>
<RmtInf>
<Ustrd>LØNN ÅÅMM</Ustrd>
</RmtInf>
</CdtTrfTxInf>
<CdtTrfTxInf>
<PmtId>
<InstrId>AHR0000018400036</InstrId>
<EndToEndId>AHR0000018400036</EndToEndId>
</PmtId>
<Amt>
<InstdAmt Ccy="NOK">25470.35</InstdAmt>
</Amt>
<Cdtr>
<Nm>LÆGREID, BERIT</Nm>
<PstlAdr><StrtNm>KVAMSVIKI</StrtNm><PstCd>6856</PstCd><TwnNm>SOGNDAL</TwnNm><Ctry>NO</Ctry></PstlAdr>
</Cdtr>
<CdtrAcct>
<Id>
<Othr>
<Id>37201052336</Id>
<SchmeNm>
<Cd>BBAN</Cd>
</SchmeNm>
</Othr>
</Id>
</CdtrAcct>
<RmtInf>
<Ustrd>LØNN ÅÅMM</Ustrd>
</RmtInf>
</CdtTrfTxInf>
<CdtTrfTxInf>
<PmtId>
<InstrId>AHR0000018400037</InstrId>
<EndToEndId>AHR0000018400037</EndToEndId>
</PmtId>
<Amt>
<InstdAmt Ccy="NOK">23491.80</InstdAmt>
</Amt>
<Cdtr>
<Nm>WEINBACH, FRANK</Nm>
<PstlAdr><StrtNm>MARKAVEGEN 8</StrtNm><PstCd>6856</PstCd><TwnNm>SOGNDAL</TwnNm><Ctry>NO</Ctry></PstlAdr>
</Cdtr>
<CdtrAcct>
<Id>
<Othr>
<Id>37051653344</Id>
<SchmeNm>
<Cd>BBAN</Cd>
</SchmeNm>
</Othr>
</Id>
</CdtrAcct>
<RmtInf>
<Ustrd>LØNN ÅÅMM</Ustrd>
</RmtInf>
</CdtTrfTxInf>
<CdtTrfTxInf>
<PmtId>
<InstrId>AHR0000018400038</InstrId>
<EndToEndId>AHR0000018400038</EndToEndId>
</PmtId>
<Amt>
<InstdAmt Ccy="NOK">29124.58</InstdAmt>
</Amt>
<Cdtr>
<Nm>ORRESTAD, SOLVEIG</Nm>
<PstlAdr><StrtNm>KRINGLA 1, LEILIGHEIT H0301</StrtNm><PstCd>6856</PstCd><TwnNm>SOGNDAL</TwnNm><Ctry>NO</Ctry></PstlAdr>
</Cdtr>
<CdtrAcct>
<Id>
<Othr>
<Id>37053341250</Id>
<SchmeNm>
<Cd>BBAN</Cd>
</SchmeNm>
</Othr>
</Id>
</CdtrAcct>
<RmtInf>
<Ustrd>LØNN ÅÅMM</Ustrd>
</RmtInf>
</CdtTrfTxInf>
<CdtTrfTxInf>
<PmtId>
<InstrId>AHR0000018400039</InstrId>
<EndToEndId>AHR0000018400039</EndToEndId>
</PmtId>
<Amt>
<InstdAmt Ccy="NOK">24001.04</InstdAmt>
</Amt>
<Cdtr>
<Nm>NESET, RANDI FLUGHEIM</Nm>
<PstlAdr><StrtNm>NESØYANE 28</StrtNm><PstCd>6878</PstCd><TwnNm>VEITASTROND</TwnNm><Ctry>NO</Ctry></PstlAdr>
</Cdtr>
<CdtrAcct>
<Id>
<Othr>
<Id>37851228102</Id>
<SchmeNm>
<Cd>BBAN</Cd>
</SchmeNm>
</Othr>
</Id>
</CdtrAcct>
<RmtInf>
<Ustrd>LØNN ÅÅMM</Ustrd>
</RmtInf>
</CdtTrfTxInf>
<CdtTrfTxInf>
<PmtId>
<InstrId>AHR0000018400040</InstrId>
<EndToEndId>AHR0000018400040</EndToEndId>
</PmtId>
<Amt>
<InstdAmt Ccy="NOK">25642.80</InstdAmt>
</Amt>
<Cdtr>
<Nm>VEUM, LIV KRISTIN</Nm>
<PstlAdr><StrtNm>LUNDEVEGEN 61</StrtNm><PstCd>6863</PstCd><TwnNm>LEIKANGER</TwnNm><Ctry>NO</Ctry></PstlAdr>
</Cdtr>
<CdtrAcct>
<Id>
<Othr>
<Id>37851012444</Id>
<SchmeNm>
<Cd>BBAN</Cd>
</SchmeNm>
</Othr>
</Id>
</CdtrAcct>
<RmtInf>
<Ustrd>LØNN ÅÅMM</Ustrd>
</RmtInf>
</CdtTrfTxInf>
<CdtTrfTxInf>
<PmtId>
<InstrId>AHR0000018400041</InstrId>
<EndToEndId>AHR0000018400041</EndToEndId>
</PmtId>
<Amt>
<InstdAmt Ccy="NOK">21547.04</InstdAmt>
</Amt>
<Cdtr>
<Nm>BANSTOLA, ABISHEK</Nm>
<PstlAdr><StrtNm>NYHAGEN 1</StrtNm><PstCd>6863</PstCd><TwnNm>LEIKANGER</TwnNm><Ctry>NO</Ctry></PstlAdr>
</Cdtr>
<CdtrAcct>
<Id>
<Othr>
<Id>05392439414</Id>
<SchmeNm>
<Cd>BBAN</Cd>
</SchmeNm>
</Othr>
</Id>
</CdtrAcct>
<RmtInf>
<Ustrd>LØNN ÅÅMM</Ustrd>
</RmtInf>
</CdtTrfTxInf>
<CdtTrfTxInf>
<PmtId>
<InstrId>AHR0000018400042</InstrId>
<EndToEndId>AHR0000018400042</EndToEndId>
</PmtId>
<Amt>
<InstdAmt Ccy="NOK">28210.80</InstdAmt>
</Amt>
<Cdtr>
<Nm>BØE, ESPEN LENNI</Nm>
<PstlAdr><StrtNm>POSTBOKS 48</StrtNm><PstCd>6898</PstCd><TwnNm>BALESTRAND</TwnNm><Ctry>NO</Ctry></PstlAdr>
</Cdtr>
<CdtrAcct>
<Id>
<Othr>
<Id>97753193891</Id>
<SchmeNm>
<Cd>BBAN</Cd>
</SchmeNm>
</Othr>
</Id>
</CdtrAcct>
<RmtInf>
<Ustrd>LØNN ÅÅMM</Ustrd>
</RmtInf>
</CdtTrfTxInf>
</PmtInf>
</CstmrCdtTrfInitn>
</Document>
